
%Exemple of bib input
%@book{agile,
%	title     = "Gestion de projet : vers les m√©thodes agiles",
%	author    = "Messager, Rota",
%	year      = 2008,
%	publisher = "EYROLLES"
%}

