% Encoding: UTF-8

@Misc{ANSSI2021,
  author      = {ANSSI},
  month       = nov,
  title       = {Règles de programmation pour le développement sécurisé de logiciels en langage C},
  year        = {2021},
  abstract    = {Le langage C offre une grande liberté aux développeurs. Cependant, il comporte
des constructions ambiguës ou risquées qui favorisent l’introduction d’erreurs lors
du développement. Le standard du langage C ne spécifie pas l’ensemble des com-
portements souhaités, et donc certains restent indéfinis ou non spécifiés 1. Libre
alors aux développeurs de compilateurs, de bibliothèques ou de systèmes d’ex-
ploitation de faire leurs propres choix.},
  institution = {Agence Nationale de la Sécurité des Systèmes Informatiques},
  type        = {techreport},
  url         = {https://www.ssi.gouv.fr/guide/regles-de-programmation-pour-le-developpement-securise-de-logiciels-en-langage-c/},
}

@Book{Monteil2012,
  author    = {Monteil, Nicomette, Pompignac, Hernando},
  editor    = {Press universitaire du Mirail},
  publisher = {Pour l'ingénieur},
  title     = {Du langage C au C++},
  year      = {2012},
}

@Comment{jabref-meta: databaseType:bibtex;}

@Comment{jabref-meta: fileDirectoryLatex-lou-lou-pc:/home/lou/Documents/ETN4/microP/mini_projet_microP;}
